@MISC{test,
	AUTHOR	= "test",
	TITLE	= "nocheintest",
	HOWPUBLISHED	= "no publication :D"
}

@MISC{wiki03,
	AUTHOR = "Wikipedia",
	TITLE 	= "Digitale Signatur",
	HOWPUBLISHED	= "http://de.wikipedia.org/wiki/Digitale-Signatur"
}

@MISC{wiki10,
	AUTHOR = "Wikipedia",
	TITLE 	= "Skytale",
	HOWPUBLISHED	= "http://de.wikipedia.org/wiki/Skytale"
}
